@inproceedings{Abadi2005,
 author = {Mart\'{\i}n Abadi and Mihai Budiu and \'{U}lfar Erlingsson and Jay Ligatti},
 title = {Control-flow Integrity},
 booktitle = {Proceedings of the 12th ACM Conference on Computer and Communications Security},
 series = {CCS '05},
 year = {2005},
 isbn = {1-59593-226-7},
 location = {Alexandria, VA, USA},
 pages = {340--353},
 numpages = {14},
 url = {http://doi.acm.org/10.1145/1102120.1102165},
 doi = {10.1145/1102120.1102165},
 acmid = {1102165},
 publisher = {ACM},
 address = {New York, NY, USA},
} 

@inproceedings{Adl-Tabatabai1996,
 author = {Ali-Reza Adl-Tabatabai amd Geoff Langdale and Steven Lucco and Robert Wahbe},
 title = {Efficient and Language-independent Mobile Programs},
 booktitle = {Proceedings of the ACM SIGPLAN 1996 Conference on Programming Language Design and Implementation},
 series = {PLDI '96},
 year = {1996},
 isbn = {0-89791-795-2},
 location = {Philadelphia, Pennsylvania, USA},
 pages = {127--136},
 numpages = {10},
 url = {http://doi.acm.org/10.1145/231379.231402},
 doi = {10.1145/231379.231402},
 publisher = {ACM},
 address = {New York, NY, USA},
} 

@Book{Aho2007,
  author="Alfred V. {Aho} and Monica S. {Lam} and Ravi Sethi and Jeffery D. {Ullman}",
  title=" Compilers: Principles, Techniques, \& Tools (2nd edition)",
  year=2007,
  publisher="Pearson Addison Wesley",
  address="New York, New York",
}

@InProceedings{Condit2007,
  author="Jeremy Condit and Matthew Harren and Zachary Anderson and David Gay
          and George C. Necula",
  title="Dependent Types for Low-Level Programming",
  year=2007,
  booktitle="Proceedings of European Symposium on Programming (ESOP '07)",
  series="Lecture Notes in Computer Science",
  volume=4421,
  publisher="Springer-Verlag",
  pages="520-535",
  address="Heidelberg",
}

@InProceedings{Condit2009,
  author="Jeremy Condit and Brian Hackett and Shuvendu K. {Lahiri} and Shaz Qadeer",
  title="Unifying Type Checking and Property Checking for Low-Level Code",
  year=2009,
  booktitle="POPL '09: Proceedings of the 36th Annual {ACM} {SIGPLAN-SIGACT} Symposium 
             on Principles of Programming Languages",
  publisher="Association for Computing Machinery",
  address="New York, New York"
}

@inproceedings{Cowan1998,
 author = {Crispin Cowan and Calton Pu and Dave Maiere and Heather Hintony and Jonathan Walpole
 and Peat Bakke and Steve Beattie and Aaron Grier and Perry Wagle and Qian Zhang},
 title = {StackGuard: Automatic Adaptive Detection and Prevention of Buffer-overflow Attacks},
 booktitle = {Proceedings of the 7th Conference on USENIX Security Symposium - Volume 7},
 series = {SSYM'98},
 year = {1998},
 location = {San Antonio, Texas},
 pages = {5--5},
 numpages = {1},
 url = {http://dl.acm.org/citation.cfm?id=1267549.1267554},
 acmid = {1267554},
 publisher = {USENIX Association},
 address = {Berkeley, CA, USA},
} 

@Article{Dietz2015,
   author = "Will Dietz and Peng Li and John Regehr and Vikram Adve",
   title="Understanding Integer Overflow in {C}/{C}++",
   year=2015,
   month=Nov,
   volume=25,
   issue=1,
   journal="{ACM} Transactions on Software Engineering and Methodology ({TOSEM})",
   publisher={ACM}
}
  
@InProceedings{Feng2006,
  author="Feng Zhou and Jeremy Condit and Zachary Anderson and Ilya Bagrak
          and Rob Ennals and Matthew Harren and George Necula and Eric Brewer",
  title="{SafeDrive}: Safe and Recoverable Extensions Using Language-Based Techniques",
  year=2006,
  booktitle="7th Symposium on Operating System Design and Implementation (OSDI'06)",
  publisher="{USENIX} Association",
  address="Seattle, Washington"
}

@inproceedings{Flanagan2002,
 author = {Cormac Flanagan, and K. Rustan M. Leino and Mark Lillibridge and Greg Nelson and James B. Saxe and Raymie Stata},
 title = {Extended Static Checking for Java},
 booktitle = {Proceedings of the ACM SIGPLAN 2002 Conference on Programming Language Design and Implementation},
 series = {PLDI '02},
 year = {2002},
 isbn = {1-58113-463-0},
 location = {Berlin, Germany},
 pages = {234--245},
 numpages = {12},
 url = {http://doi.acm.org/10.1145/512529.512558},
 doi = {10.1145/512529.512558},
 acmid = {512558},
 publisher = {ACM},
 address = {New York, NY, USA},
 keywords = {compile-time program checking},
} 

@inproceedings{Goktas2014,
 author = {G\"{o}ktas, Enes and Athanasopoulos, Elias and Bos, Herbert and Portokalidis, Georgios},
 title = {Out of Control: Overcoming Control-Flow Integrity},
 booktitle = {Proceedings of the 2014 IEEE Symposium on Security and Privacy},
 series = {SP '14},
 year = {2014},
 isbn = {978-1-4799-4686-0},
 pages = {575--589},
 numpages = {15},
 url = {http://dx.doi.org/10.1109/SP.2014.43},
 doi = {10.1109/SP.2014.43},
 acmid = {2650770},
 publisher = {IEEE Computer Society},
 address = {Washington, DC, USA},
} 
 
@Misc{GCCCFG2016,
  author="{GCC}",
  title={Program Instrumentation Options},
  howpublished={\url{https://gcc.gnu.org/onlinedocs/gcc/Instrumentation-Options.html#Instrumentation-Options}},
  year=2016,
  note="Accessed April 27, 2016"
}

@Article{Grossman2005,
  author="Dan Grossman and Michael Hicks and Trevor Jim and and Greg Morrisett",
  title="Cyclone: A Type-Safe Dialect of {C}",
  year=2005,
  month=January,
  journal="{C}/{C}++ Users Journal",
  volume=23,
  number=1,
  publisher="{CMP} Media {LLC}"
}

@Book{Howard2003,
  author="Michael Howard and David LeBlanc",
  title="Writing Secure Code",
  edition="2nd",
  year=2003,
  address="Redmond, Washington",
  publisher="Microsoft Press"
}

@article{Horwitz1990,
 author = {Susan Horwitz and Thomas Reps and David Binkley},
 title = {Interprocedural Slicing Using Dependence Graphs},
 journal = {ACM Transactions on Programming Languages and Systems},
 issue_date = {Jan. 1990},
 volume = {12},
 number = {1},
 month = jan,
 year = {1990},
 issn = {0164-0925},
 pages = {26--60},
 numpages = {35},
 url = {http://doi.acm.org/10.1145/77606.77608},
 doi = {10.1145/77606.77608},
 acmid = {77608},
 publisher = {ACM},
 address = {New York, NY, USA},
} 


@Misc{ISO2011,
  author="ISO",
   title="{ISO/IEC} 9899:2011 - {I}nformation {T}echnology - {P}rogramming {L}anguages -
          {C} ({C11} standard)",
   year=2011,
   address="Geneva",
   publisher="ISO/IEC"
}

@InProceedings{Jim2002,
  author="Trevor Jim and Greg Morrisett and Dan Grossman and Michael Hicks and James Cheney and and Yanling Wang",
  title="Cyclone: A Safe Dialect of {C}",
  year=2002,
  booktitle="{USENIX} Annual Technical Conference",
  publisher="{USENIX}",
  pages="275--288",
  address="Monterey, CA",
}

@InProceedings{Jones1997,
  author="Richard W. M. Jones and Paul H. J. Kelly",
  title="Backwards-compatible bounds checking for arrays and pointers in {C} programs",
  booktitle="Third International Workshop on Automated Debugging",
  series="Linkoping Electronic Conference Proceedings",
  month=May,
  year=1997,
  publisher="Linkoping University Electronic Press",
  editor="Miriam Kamkar and D. Byers",
  note=\url{"http://www.ep.liu.se/ea/cis/1997/009/"}
}

@Book{Jones2009,
  author="Derek M. {Jones}",
  title="The New {C} {S}tandard: An Economic and Cultural Commentary",
  note={Self-published: {\url{http://www.knosof.co.uk/cbook/.}}},
  year=2009,
  publisher="Knowledge Software Ltd"
}

@Misc{LLVMCFG2016,
  author="{LLVM}",
  title={Control Flow Integrity},
  howpublished={\url{http://clang.llvm.org/docs/ControlFlowIntegrity.html}},
  year=2016,
  note="Accessed April 27, 2016"
}

@Misc{Macintosh2016,
  author="Neil Mac{I}ntosh",
  title="span: bounds-safe views for sequences of objects",
  year=2016,
  publisher="ISO/IEC, Geneva: ISO/IEC JTC1/SC22/WG21 - The C++ Standards Committee - ISOCPP",
  howpublished={\url{http://www.open-std.org/jtc1/sc22/wg21/docs/papers/2016/p0122r1.pdf}},
  note="Accessed April 20, 2016"
}

@Misc{MicrosoftCFG2016,
  author="{Microsoft Corporation}",
  title={Control Flow Guard},
  howpublished={\url{https://msdn.microsoft.com/en-us/library/windows/desktop/mt637065(v=vs.85).aspx}},
  year=2016,
  note="Accessed April 27, 2016"
}

@Misc{Mitre2015-128,
  author="{Mitre Corporation}",
  title="{CWE-128}: Wrap-around Error",
  howpublished={\url{http://cwe.mitre.org/data/definitions/128.html}},
  year=2015,
  note="Accessed December 23, 2015"
}

@Misc{Mitre2015-190,
  author="{Mitre Corporation}",
  title="{CWE-190}: Integer Overflow or Wraparound",
  howpublished={\url{http://cwe.mitre.org/data/definitions/190.html}},
  year=2015,
  note="Accessed December 23, 2015"
}

@Misc{Mitre2015-680,
  author="{Mitre Corporation}",
  title="{CWE-680}: Integer Overflow to Buffer Overflow",
  howpublished={\url{http://cwe.mitre.org/data/definitions/680.html}},
  year=2015,
  note="Accessed December 23, 2015"
}

@Article{Necula2005,
  author="George C. {Necula} and Jeremy Condit and Matthew Harren 
          and Scott McPeak and Westley Weimer",
  title="{CCured}: Type-Safe Retrofitting of Legacy Software",
  year=2005,
  journal="{ACM} Transactions on Programming Languages and Systems ({TOPLAS})",
  volume=27,
  number=3,
  publisher="Association for Computing Machinery",
  address="New York, New York",
}

@Misc{NIST2015,
  author="{National Institute of Standards and Technology}",
  title="{N}ational {V}ulnerability {D}atabase",
  year="2015",
  howpublished={\url{https://nvd.nist.gov/home.cfm}},
  note="Accessed August 27, 2015"
}

@Misc{ODonell2015,
  author="Carlos {O'Donell} and Martin Sebor",
  title="Updated Field Experience with Annex K -- Bounds Checking Interfaces",
  year=2015,
  publisher="ISO/IEC, Geneva: ISO/IEC JTC1/SC22/WG14 - C",
  howpublished={\url{http://www.open-std.org/jtc1/sc22/wg14/www/docs/n1969.htm}},
  note="Accessed December 23, 2015"
}

@Misc{OpenSSL2015,
 author="Mark J. {Cox} and Stephen Henson and Ben Laurie and others",
 title="{OpenSSL}",
 year=2015,
 howpublished={\url{http://openssl.org}}
}

@Misc{PaX2003,
 author="{PaX} Team",
 year=2001,
 howpublished={\url{http://pax.grsecurity.net/docs/aslr.txt}}
}
 
@Book{Ritchie1988,
  author="Dennis C. {Ritchie} and Brian W. Kernighan",
  title="The C Programming Language",
  edition="2nd", 
  year=1988,
  publisher="Prentice Hall",
  address="Englewood Cliffs, New Jersey, USA"
}

@article{Sattley1961,
 author = "Kirk Sattley",
 title = {Allocation of Storage for Arrays in {ALGOL} 60},
 journal = {Communications of the ACM},
 volume = {4},
 number = {1},
 month = jan,
 year = {1961},
 issn = {0001-0782},
 pages = {60--65},
 url = {http://doi.acm.org/10.1145/366062.366088},
 doi = {10.1145/366062.366088},
 publisher = {ACM},
 address = {New York, NY, USA},
}

@inproceedings{Tice2014,
 author = {Caroline Tice and Toeder and Peter Collingbourne and Stephen Checkoway
          and \'{U}lfar Erlingsson and Luis Lozano and Rob Pike},
 title = {Enforcing Forward-Edge Control-flow Integrity in {GCC} \& LLVM},
 booktitle = {Proceedings of the 23rd {USENIX} Security Symposium},
 month = aug,
 year = {2014},
 location = {San Diego, CA, USA},
 publisher = {USENIX Association},
 pages = {941--955},
 address = {Berkeley, CA, USA}
}
 
@inproceedings{Wahbe1993,
 author = {Robert Wahbe and Steven Lucco and Thoma E. Anderson and Susan L. Graham},
 title = {Efficient Software-based Fault Isolation},
 booktitle = {Proceedings of the Fourteenth ACM Symposium on Operating Systems Principles},
 series = {SOSP '93},
 year = {1993},
 isbn = {0-89791-632-8},
 location = {Asheville, North Carolina, USA},
 pages = {203--216},
 numpages = {14},
 url = {http://doi.acm.org/10.1145/168619.168635},
 doi = {10.1145/168619.168635},
 acmid = {168635},
 publisher = {ACM},
 address = {New York, NY, USA},
} 

@Misc{WikipediaASLR,
  author="Wikipedia",
  title="{Address space layout randomization}",
  howpublished={\url{https://en.wikipedia.org/wiki/Address_space_layout_randomization}},
  year=2016,
  note="Accessed April 25, 2016"
}

